@misc{web1,
    title        = "Security protocol definition",
    author       = "{PCmag.com}",
    howpublished = "\url{http://www.pcmag.com/encyclopedia/term/51051/security-protocol}",
    note         = "Accessed: 2021-05-15"
}

@misc{web2,
    title        = "Protocol definition",
    author       = "{Britannica School}",
    howpublished = "\url{http://school.eb.co.uk/levels/advanced/article/protocol/473123}",
    note         = "Accessed: 2021-05-15"
}

@misc{web3,
    title        = "CloudBleed Bug",
    author       = "{Wikipedia}",
    howpublished = "\url{https://en.wikipedia.org/wiki/Cloudbleed}",
    note         = "Accessed: 2021-05-15"
}

@misc{web4,
    title        = "Needham-Schroeder Vs. Diffie-Hellman",
    author       = "{jingyang}",
    howpublished = "\url{https://crypto.stackexchange.com/a/12907}",
    note         = "Accessed: 2021-05-15"
}

@misc{web5,
    title        = "Hackers",
    author       = "{BBC News}",
    howpublished = "\url{http://www.bbc.co.uk/news/uk-38850907}",
    note         = "Accessed: 2021-05-15"
}

@misc{web6,
    title        = "TalkTalk Hack",
    author       = "{IT Pro Team}",
    howpublished = "\url{http://www.itpro.co.uk/security/24136/talktalk-hack-teenager-admits-to-seven-charges-of-hacking}",
    note         = "Accessed: 2021-05-15"
}

@misc{web7,
    title        = "Russian Hacker",
    author       = "{Graff, Garrett M.}",
    howpublished = "\url{https://apple.news/AeM0BFMH9SjyJB9rMQvlo3g}",
    note         = "Accessed: 2021-05-15"
}

@misc{web8,
    title        = "Google PageRank",
    author       = "{Wikipedia}",
    howpublished = "\url{https://en.wikipedia.org/wiki/PageRank}",
    note         = "Accessed: 2021-05-15"
}

@misc{web9,
    title        = "Heartbleed",
    author       = "{Heartbleed.com}",
    howpublished = "\url{http://heartbleed.com}",
    note         = "Accessed: 2021-05-15"
}

@misc{web10,
    title        = "Python",
    author       = "{Python Software Foundation}",
    howpublished = "\url{https://www.python.org}",
    note         = "Accessed: 2021-05-15"
}

@misc{web11,
    title        = "Typesetting",
    author       = "{Wikipedia}",
    howpublished = "\url{https://en.wikipedia.org/wiki/Typesetting}",
    note         = "Accessed: 2021-05-15"
}

@misc{web12,
    title        = "ASCII",
    author       = "{AsciiTable.com}",
    howpublished = "\url{http://www.asciitable.com}",
    note         = "Accessed: 2021-05-15"
}

@misc{web13,
    title        = "UNICODE",
    author       = "{Unicode, Inc.}",
    howpublished = "\url{http://unicode.org/charts/}",
    note         = "Accessed: 2021-05-15"
}

@misc{web14,
    title        = "Hashing",
    author       = "{TechTarget Contributor}",
    howpublished = "\url{http://searchsqlserver.techtarget.com/definition/hashing}",
    note         = "Accessed: 2021-05-15"
}

@misc{web15,
    title        = "Crypto Primitives",
    author       = "{tylo}",
    howpublished = "\url{https://crypto.stackexchange.com/a/39749}",
    note         = "Accessed: 2021-05-15"
}
